@article{BondMyers96I,
  title={The peak-patch picture of cosmic catalogs. I. Algorithms},
  author={Bond, JR and Myers, ST},
  journal={The Astrophysical Journal Supplement Series},
  volume={103},
  pages={1},
  year={1996}
}

@Article{QuinnKatzEtAl97,
  author =    {{Quinn}, T. and {Katz}, N. and {Stadel}, J. and {Lake}, G.},
  title =     {{Time stepping N-body simulations}},
  journal =   {ArXiv Astrophysics e-prints},
  year =      {1997},
  month =     oct,
  adsnote =   {Provided by the SAO/NASA Astrophysics Data System},
  adsurl =    {http://adsabs.harvard.edu/abs/1997astro.ph.10043Q},
  eprint =    {astro-ph/9710043},
  keywords =  {Astrophysics},
  timestamp = {2016.07.28}
}

@Article{Bagla02,
  author =    {{Bagla}, J.~S.},
  title =     {{TreePM: A Code for Cosmological N-Body Simulations}},
  journal =   {Journal of Astrophysics and Astronomy},
  year =      {2002},
  volume =    {23},
  pages =     {185-196},
  month =     dec,
  adsnote =   {Provided by the SAO/NASA Astrophysics Data System},
  adsurl =    {http://adsabs.harvard.edu/abs/2002JApA...23..185B},
  doi =       {10.1007/BF02702282},
  eprint =    {astro-ph/9911025},
  keywords =  {Gravitation, methods: numerical, cosmology: large scale structure of the universe.},
  timestamp = {2016.07.28}
}

@Article{BaglaRay03,
  author =    {{Bagla}, J.~S. and {Ray}, S.},
  title =     {{Performance characteristics of TreePM codes}},
  journal =   {\na},
  year =      {2003},
  volume =    {8},
  pages =     {665-677},
  month =     sep,
  adsnote =   {Provided by the SAO/NASA Astrophysics Data System},
  adsurl =    {http://adsabs.harvard.edu/abs/2003NewA....8..665B},
  doi =       {10.1016/S1384-1076(03)00056-3},
  eprint =    {astro-ph/0212129},
  timestamp = {2016.07.28}
}

@article{Springel05,
  title={Simulations of the formation, evolution and clustering of galaxies and quasars},
  author={Springel, Volker and White, Simon DM and Jenkins, Adrian and Frenk, Carlos S and Yoshida, Naoki and Gao, Liang and Navarro, Julio and Thacker, Robert and Croton, Darren and Helly, John and others},
  journal={nature},
  volume={435},
  number={7042},
  pages={629--636},
  year={2005},
  publisher={Nature Publishing Group}
}

@article{Wagner_etal:2014,
  title={Separate universe simulations},
  author={Wagner, Christian and Schmidt, Fabian and Chiang, Chi-Ting and Komatsu, Eiichiro},
  journal={Monthly Notices of the Royal Astronomical Society: Letters},
  volume={448},
  number={1},
  pages={L11--L15},
  year={2015},
  publisher={Oxford University Press}
}

@article{LiSchmittfullSeljak17,
  title={Galaxy power-spectrum responses and redshift-space super-sample effect},
  author={Li, Yin and Schmittfull, Marcel and Seljak, Uro{\v{s}}},
  journal={Journal of Cosmology and Astroparticle Physics},
  volume={2018},
  number={02},
  pages={022},
  year={2018},
  publisher={IOP Publishing}
}
